@inproceedings{passerone2008design,
  title={Design solutions for a university nano-satellite},
  author={Passerone, Claudio and Tranchero, Maurizio and Speretta, Stefano and
Reyneri, Leonardo and Sanso{\`e}, Claudio and Del Corso, Dante},
  booktitle={Aerospace Conference, 2008 IEEE},
  pages={1--13},
  year={2008},
  organization={IEEE}
},

@inproceedings{toorian2008cubesat,
  title={The cubesat approach to space access},
  author={Toorian, Armen and Diaz, Ken and Lee, Simon},
  booktitle={Aerospace Conference, 2008 IEEE},
  pages={1--14},
  year={2008},
  organization={IEEE}
},

@article{odegaard2013error,
  title={Error Detection and Correction for Low-Cost Nano Satellites},
  author={Odegaard, Kjell Arne},
  year={2013},
  publisher={Institutt for teknisk kybernetikk}
},
