@inproceedings{passerone2008design,
  title={Design solutions for a university nano-satellite},
  author={Passerone, Claudio and Tranchero, Maurizio and Speretta, Stefano and
Reyneri, Leonardo and Sanso{\`e}, Claudio and Del Corso, Dante},
  booktitle={Aerospace Conference, 2008 IEEE},
  pages={1--13},
  year={2008},
  organization={IEEE}
},

@inproceedings{toorian2008cubesat,
  title={The cubesat approach to space access},
  author={Toorian, Armen and Diaz, Ken and Lee, Simon},
  booktitle={Aerospace Conference, 2008 IEEE},
  pages={1--14},
  year={2008},
  organization={IEEE}
},

@article{odegaard2013error,
  title={Error Detection and Correction for Low-Cost Nano Satellites},
  author={Odegaard, Kjell Arne},
  year={2013},
  publisher={Institutt for teknisk kybernetikk}
},

@manual{jagannatha2014command,
  title        = "Command \& Data Handling System: CSS Development",
  author       = "Jagannatha, Bindu",
  organization = "IlliniSat",
  month        = "January",
  year         = "2014"
}

@masterthesis{manyak2011fault,
  author = "Manyak, Greg D",
  title  = "Fault Tolerant and Flexible CubeSat Software Architecture",
  school = "California Polytechnic State University - San Luis Obispo",
  year   = "2011",
  month  = "June"
}


@inproceedings{Likar2010Novel,
    author = {Likar, Justin J. and Stone, Stephen E. and Lombardi, Robert E. and Long, Kelly A.},
    booktitle = {24th Annual AIAA/USU Conference on Small Satellites},
    citeulike-article-id = {13145297},
    keywords = {illinisat},
    posted-at = {2014-04-22 23:01:09},
    priority = {2},
    title = {{Novel Radiation Design Approach for CubeSat Based Missions}},
    year = {2010}
}

@inproceedings{Herrmann2013InSitu,
    author = {Herrmann, M. and Grurmann, K. and Gliem, F. and Schmidt, H. and Ferlet-Cavrois, V.},
    booktitle = {Radiation Effects Data Workshop (REDW), 2013 IEEE},
    citeulike-article-id = {13145298},
    citeulike-linkout-0 = {http://dx.doi.org/10.1109/redw.2013.6658199},
    citeulike-linkout-1 = {http://ieeexplore.ieee.org/xpls/abs\_all.jsp?arnumber=6658199},
    doi = {10.1109/redw.2013.6658199},
    isbn = {978-1-4799-1136-3},
    issn = {2154-0519},
    keywords = {illinisat},
    month = jul,
    pages = {1--7},
    posted-at = {2014-04-22 23:00:38},
    priority = {2},
    publisher = {IEEE},
    title = {{In-Situ TID Test of 4-Gbit DDR3 SDRAM Devices}},
    url = {http://dx.doi.org/10.1109/redw.2013.6658199},
    year = {2013}
}

@inproceedings{Oldham2008TID,
    author = {Oldham, T. R. and Suhail, M. and Friendlich, M. R. and Carts, M. A. and Ladbury, R. L. and Kim, H. S. and Berg, M. D. and Poivey, C. and Buchner, S. P. and Sanders, A. B. and Seidleck, C. M. and LaBel, K. A.},
    booktitle = {Radiation Effects Data Workshop, 2008 IEEE},
    citeulike-article-id = {13145290},
    citeulike-linkout-0 = {http://dx.doi.org/10.1109/redw.2008.12},
    citeulike-linkout-1 = {http://ieeexplore.ieee.org/xpls/abs\_all.jsp?arnumber=4638610},
    doi = {10.1109/redw.2008.12},
    institution = {Perot Syst. Gov. Services, Inc., Greenbelt, MD},
    isbn = {978-1-4244-2545-7},
    keywords = {illinisat},
    month = jul,
    pages = {31--37},
    posted-at = {2014-04-22 22:48:55},
    priority = {2},
    publisher = {IEEE},
    title = {{TID and SEE Response of Advanced 4G NAND Flash Memories}},
    url = {http://dx.doi.org/10.1109/redw.2008.12},
    year = {2008}
}

@inproceedings{Langley2004SEE,
    author = {Langley, T. E. and Murray, P.},
    booktitle = {Radiation Effects Data Workshop, 2004 IEEE},
    citeulike-article-id = {13145286},
    citeulike-linkout-0 = {http://dx.doi.org/10.1109/redw.2004.1352905},
    citeulike-linkout-1 = {http://ieeexplore.ieee.org/xpls/abs\_all.jsp?arnumber=1352905},
    doi = {10.1109/redw.2004.1352905},
    institution = {Jet Propulsion Lab., California Inst. of Technol., Pasadena, CA, USA},
    isbn = {0-7803-8697-3},
    keywords = {illinisat},
    month = jul,
    pages = {58--61},
    posted-at = {2014-04-22 22:47:31},
    priority = {2},
    publisher = {IEEE},
    title = {{SEE and TID test results of 1 Gb flash memories}},
    url = {http://dx.doi.org/10.1109/redw.2004.1352905},
    year = {2004}
}

@article{Schwank2013Radiation,
    author = {Schwank, J. R. and Shaneyfelt, M. R. and Dodd, P. E.},
    citeulike-article-id = {13145284},
    citeulike-linkout-0 = {http://dx.doi.org/10.1109/tns.2013.2261317},
    citeulike-linkout-1 = {http://ieeexplore.ieee.org/xpls/abs\_all.jsp?arnumber=6530784},
    doi = {10.1109/tns.2013.2261317},
    institution = {Sandia Nat. Labs., Albuquerque, NM, USA},
    issn = {0018-9499},
    journal = {Nuclear Science, IEEE Transactions on},
    keywords = {illinisat},
    month = jun,
    number = {3},
    pages = {2101--2118},
    posted-at = {2014-04-22 22:46:47},
    priority = {2},
    publisher = {IEEE},
    title = {{Radiation Hardness Assurance Testing of Microelectronic Devices and Integrated Circuits: Test Guideline for Proton and Heavy Ion Single-Event Effects}},
    url = {http://dx.doi.org/10.1109/tns.2013.2261317},
    volume = {60},
    year = {2013}
}

@article{Gerardin2010Present,
    author = {Gerardin, S. and Paccagnella, A.},
    citeulike-article-id = {13145282},
    citeulike-linkout-0 = {http://dx.doi.org/10.1109/tns.2010.2084101},
    citeulike-linkout-1 = {http://ieeexplore.ieee.org/xpls/abs\_all.jsp?arnumber=5658042},
    doi = {10.1109/tns.2010.2084101},
    institution = {Dipt. di Ing. dell''Inf., Univ. di Padova, Padova, Italy},
    issn = {0018-9499},
    journal = {Nuclear Science, IEEE Transactions on},
    keywords = {illinisat},
    month = dec,
    number = {6},
    pages = {3016--3039},
    posted-at = {2014-04-22 22:45:56},
    priority = {2},
    publisher = {IEEE},
    title = {{Present and Future Non-Volatile Memories for Space}},
    url = {http://dx.doi.org/10.1109/tns.2010.2084101},
    volume = {57},
    year = {2010}
},

@inproceedings{bellard2005qemu,
  title={QEMU, a Fast and Portable Dynamic Translator.},
  author={Bellard, Fabrice},
  booktitle={USENIX Annual Technical Conference, FREENIX Track},
  pages={41--46},
  year={2005}
},
