@MISC{AMD_BKDG,
  author = {Advanced Micro Devices},
  title = {BIOS and Kernel Developer's Guide for AMD Family 15h Models 00h-0Fh
Processors},
  month = jan,
  year = {2013},
},

@inproceedings{schroeder2009dram,
  title={DRAM errors in the wild: a large-scale field study},
  author={Schroeder, Bianca and Pinheiro, Eduardo and Weber, Wolf-Dietrich},
  booktitle={ACM SIGMETRICS Performance Evaluation Review},
  volume={37},
  number={1},
  pages={193--204},
  year={2009},
  organization={ACM}
}
